<?xml version="1.0" encoding="UTF-8"?><collection xmlns="http://www.loc.gov/MARC21/slim"><record><leader>00417nam--2200157-u-4500</leader><controlfield tag="001">000056339</controlfield><controlfield tag="002">20161230</controlfield><controlfield tag="005">20161230201052</controlfield><controlfield tag="008">150706s1000------------r-----000-0-eng-d</controlfield><datafield ind1=" " ind2=" " tag="040"><subfield code="a">IFIN-HH</subfield></datafield><datafield ind1="1" ind2=" " tag="100"><subfield code="a">Pop, Floarea</subfield></datafield><datafield ind1="1" ind2="0" tag="245"><subfield code="a">Distilarea izotopica a hidrogenului. experimentari</subfield><subfield code="c">Floarea pop</subfield></datafield><datafield ind1=" " ind2=" " tag="260"><subfield code="a">Sibiu</subfield><subfield code="b">Editura Tehno Media</subfield><subfield code="c">2012</subfield></datafield><datafield ind1=" " ind2=" " tag="300"><subfield code="a">186P</subfield></datafield><datafield ind1=" " ind2=" " tag="852"><subfield code="a">82416</subfield><subfield code="c">547</subfield></datafield><datafield ind1=" " ind2=" " tag="CAT"><subfield code="a">Sys</subfield><subfield code="c">20150709</subfield><subfield code="h">084728</subfield></datafield></record></collection>